@article{Frogner,
author = {Frogner, Lars},
file = {:C$\backslash$:/Users/Caspar William/Documents/MEGA/spring-20/AST3310/project{\_}3/fvis{\_}user{\_}guide.pdf:pdf},
title = {{Using the FVis module}}
}
