@book{Schwarzschild1992,
author = {Schwarzschild, Karl},
booktitle = {Gesammelte Werke Collected Works},
doi = {10.1007/978-3-642-58086-4},
title = {{Gesammelte Werke Collected Works}},
year = {1992}
}
@article{Gudiksen2015,
author = {Gudiksen, B V},
file = {:C$\backslash$:/Users/Caspar William/AppData/Local/Mendeley Ltd./Mendeley Desktop/Downloaded/Gudiksen - 2015 - AST3310 Astrophysical plasma and stellar interiors.pdf:pdf},
title = {{AST3310: Astrophysical plasma and stellar interiors}},
year = {2015}
}
